@BOOK{livro_automation,
    author = {Hermann Merz, Thomas Hansemann, Christof Hübner},
    title= {Building Automation - Communication Systems with EIB/KNX, LON and BACnet},
    publisher = {Springer},
    year = 2008
}

@misc{zwave,
  author = {z-wavealliance},
title = {About Z-Wave Technology},
  howpublished = {\url{http://z-wavealliance.org/about_z-wave_technology/}},
  note = {2015}
}

@misc{zigbeeAndZWave,
  author = {Lou Frenzel},
title = {About Z-Wave Technology},
  howpublished = {\url{http://electronicdesign.com/communications/what-s-difference-between-zigbee-and-z-wave}},
  note = {2012}
}


@MastersThesis{Sensing_Platform,
author = {Nengqiang He and Zhihua Li and Chunxiao Jiang and Chaoqun Yang and Shuai Fan and Xin Ma and Yong Ren and Jinfeng Zhang and Canfeng Chen},
title = {A Sensing Platform to Support Smartphones
Accessing into Wireless Sensor Networks},
school = {Tsinghua National Laboratory for Information Science and Technology},
year = {2011},
OPTkey = {•},
OPTtype = {•},
OPTaddress = {•},
OPTmonth = {•},
OPTnote = {•},
OPTannote = {•}
}

@BOOK{livro_zigbee,
    author = {Shahin Farahani},
    title= {ZigBee Wireless Networks and
Transceivers},
    publisher = {Newnes},
    year = 2008
}

 @Article{article:zigbee_survey,
 author = {Wenqi (Wendy) GUO, Willam M. HEALY and Mengchu ZHOU},
 title = {Wireless Mesh Networks in Intelligent Building Automation
Control: A Survey},
 journal = {INTERNATIONAL JOURNAL OF INTELLIGENT CONTROL AND SYSTEMS},
 year = {2011},
 OPTkey = {•},
 OPTvolume = {16},
 OPTnumber = {1},
 OPTpages = {•},
 OPTmonth = {March},
 OPTnote = {•},
 OPTannote = {•}
 }
 
 @Article{article:zigbee_android,
 author = {Gustavo Paulo Medeiros da Silva, Marcelo Maia Sobral, Emerson Ribeiro de Mello},
 title = {LAR INTELIGENTE ATRAV{\'E}S DE MICROCONTROLADORES E DISPOSITIVOS ANDROID},
 journal = {Rev. T{\'e}cnico Cient{\'i}fica (IFSC)},
 year = {2012},
 OPTvolume = {3},
 OPTnumber = {1}
 } 
 
 
 @misc{ bacnet:bib,
   author = "Bill Swan",
   title = "Internetworking with BACnet",
   year = "2015",
   url = "http://www.bacnet.org/Bibliography/ES-1-97/ES-1-97.htm",
   note = "[Online; accessed 16-12-2015]"
 }

@Article{bacnet:artigo1,
author = {Steven T. Bushby},
title = {BACnet $^{TM}$ : a standard communication infrastructure for intelligent buildings },
journal = {Automation in Construction Jornal},
year = {1997},
OPTkey = {•},
OPTvolume = {6},
OPTnumber = {6},
pages = {529--540},
OPTmonth = {•},
OPTnote = {•},
OPTannote = {•}
}

 
@Article{zigbee:ZLL,
 author = {JIANFENG WANG},
 title = {ZIGBEE LIGHT LINK AND ITS APPLICATIONSS},
 journal = {IEEE Wireless Communications},
 year = {2013},
 month = {8}
 }
  
 @Article{academic:arduino1,
 author = {Kim Baraka and Marc Ghobril and Sami Malek and Rouwaida Kanj and Ayman Kayssi},
 title = {Low cost Arduino/Android-based Energy-Efficient Home Automation System with Smart Task Scheduling},
 journal = {2013 Fifth International Conference on Computational Intelligence, Communication Systems and Networks, Madrid, Spain},
 year = {2013}
 }
 
 
 @misc{ android:sensors,
   author = "Android",
   title = "Sensors Overview --- Developer Android",
   year = "2015",
   url = "http://developer.android.com/guide/topics/sensors/sensors_overview.html",
   note = "[Online; accessed 27-12-2015]"
 }
 
 
 @Article{ocupancy1,
author = {Yuvraj Agarwal and Bharathan Balaji and Rajesh Gupta and Jacob Lyles and Michael Wei and Thomas Weng},
title = {Occupancy-Driven Energy Management
for Smart Building Automation },
journal = {BuildSys},
year = {2010},
Omonth = {November}
}

@Article{ocupancy2,
author = {Tuan Anh Nguyen, Marco Aiello},
title = {Energy intelligent buildings based on user activity: A survey},
journal = {Energy and Buildings},
year = {2013},
OPTkey = {•},
Tvolume = {56},
pages = {244--257},
OPTmonth = {•},
OPTnote = {•},
OPTannote = {•}
}

 @Article{ocupancy3,
author = {Timilehin Labeodan and Wim Zeiler and Gert Boxem and Yang Zhao},
title = {Occupancy measurement in commercial office buildings for demand-driven control applications},
journal = {Energy and Buildings},
year = {2015},
OPTkey = {•},
Tvolume = {93},
pages = {303--314},
OPTmonth = {•},
OPTnote = {•},
OPTannote = {•}
}
 
 
 @Article{peromas,
author = {Artur Balanuta},
title = {PerOMAS: Personal Office Management and
Automation System},
journal = {Computing in Sensor Systems (DCOSS), International Conference},
year = {2015},
}




 @misc{ comunication:bt,
   author = "Bluetooth",
   title = "What is Bluetooth Technology?",
   year = "2015",
   url = "https://www.bluetooth.com/what-is-bluetooth-technology",
   note = "[Online; accessed 27-12-2015]"
 }

@misc{ comunication:bt_specification,
   author = "Bluetooth SIG",
   title = "Bluetooth specification version 4.2",
   year = "2014",
 }
 
 @misc{ comunication:802.15.1,
   author = "802.15.1",
   title = "IEEE Standard for Information technology-- Local and metropolitan area networks-- Specific requirements-- Part 15.1a: Wireless Medium Access Control (MAC) and Physical Layer (PHY) specifications for Wireless Personal Area Networks (WPAN)",
   year = "2005"
 }
 
@Article{IEEE_wifi,
author = {Guido R. Hiertz and Dee Denteneer,
Lothar Stibor and Yunpeng Zang and Xavier Pérez Costa and Bernhard Walke},
title = {The IEEE 802.11 Universe},
journal = {IEEE Communications Magazine},
year = {2010},
OPTkey = {•},
volume = {48},
number = {1},
pages = {62--70},
month = {January},
OPTnote = {•},
OPTannote = {•}
}



 
@ARTICLE{std_802.15.1, 
author={}, 
journal={IEEE Std. 802.15.1}, 
title={Wireless Medium Access Control (MAC) and Physical Layer (PHY) specifications for Wireless Personal Area Networks (WPAN)}, 
year={2005}, 
volume={}
} 
 
@ARTICLE{std_802.11, 
author={}, 
journal={IEEE Std. 802.11}, 
title={Wireless LAN Medium Access Control (MAC) and physical layer (PHY)
specification}, 
year={2012}, 
volume={}, 
}

@Manual{report_802.11,
title = {A Technical Tutorial on IEEE 802.11 Protocol},
OPTkey = {•},
author = {Pablo Brenner},
organization = {BreezeCOM},
OPTaddress = {•},
OPTedition = {•},
OPTmonth = {•},
year = {1997},
OPTnote = {•},
OPTannote = {•}
}

 @misc{ wifi_direct,
   author = "Wi-Fi Alliance",
   title = "Wi-Fi Direct",
   url = "http://www.wi-fi.org/discover-wi-fi/wi-fi-direct",
   note = "[Online; accessed 27-12-2015]"
 }

@Article{wifi_direct2,
author = {Daniel Camps-Mur, Andres Garcia-Saavedra, Pablo Serrano},
title = {Device to device communications with WiFi
Direct: overview and experimentation},
journal = {Wireless Communications, IEEE},
volume = {20},
pages = {96--104 },
year = {2012}
}


@inproceedings{internet_traffic,
author = {Hossein Falaki and Dimitrios Lymberopoulos and Ratul Mahajan and Srikanth Kandula and Deborah Estrin},
editor = {ACM Publications},
title = {A First Look at Traffic on Smartphones},
booktitle = {IMC '10 Proceedings of the 10th ACM SIGCOMM conference on Internet measurement},
year = {2010},
pages = {281--287 }
}

@Article{wifi_ocupancy,
author = {Bharathan Balaji and Jian Xu and Anthony Nwokafor and Rajesh Gupta and Yuvraj Agarwal},
title = {Sentinel: occupancy based {HVAC} actuation using existing WiFi infrastructure within commercial buildings},
journal = {SenSys '13 Proceedings of the 11th ACM Conference on Embedded Networked Sensor Systems},
year = {2013},
number = {17}
}

@Article{wifi_ocupancy2,
author = {John Krumm, Eric Horvitz},
title = {LOCADIO: Inferring Motion and Location from Wi-Fi Signal Strengths},
journal = {Mobile and Ubiquitous Systems: Networking and Services Conference},
pages = {4--13 },
year = {2004}
}


@article{sensor_app_lights,
author = {Anca D. Galasiu and Guy R. Newsham and Cristian Suvagau and Daniel M. Sander},
title = {Energy Saving Lighting Control Systems for Open-Plan Offices: A Field Study},
journal = {LEUKOS},
volume = {4},
number = {1},
pages = {7-29},
year = {2007},
doi = {10.1582/LEUKOS.2007.04.01.001},

URL = { 
        http://www.tandfonline.com/doi/abs/10.1582/LEUKOS.2007.04.01.001
    
},
eprint = { 
        http://www.tandfonline.com/doi/pdf/10.1582/LEUKOS.2007.04.01.001
    
}
}


@ARTICLE{std_ASHRAE_55, 
author={ANSI/ASHRAE Standard 55}, 
journal={}, 
title={thermal Environmental Conditions for Human Occupancy}, 
year={2010}, 
volume={}, 
}

@Misc{temperature_survey,
OPTkey = {•},
author = {Olli Seppanen and William J. Fisk and  David Faulkner},
title = {Control of temperature for health and productivity in offices},
OPThowpublished = {•},
OPTmonth = {•},
year = {2004},
note = {Lawrence Berkeley National Laboratory},
OPTannote = {•}
}

@Misc{video_survailance1,
OPTkey = {•},
author = {Robert T. Collins and Alan J. Lipton and Takeo Kanade and Hironobu Fujiyoshi and David Duggins and Yanghai Tsin and David Tolliver and Nobuyoshi Enomoto and Osamu Hasegawa and Peter Burt1 and Lambert Wixson},
title = {A System for Video Surveillance and Monitoring},
year = {2000},
note = {The Robotics Institute, Carnegie Mellon University},
OPTannote = {•}
}

@BOOK{livro_automation2,
    author = {Shengwei Wang},
    title= {Intelligent Buildings and Building Automation},
    publisher = {Spon Press},
    year = 2010
}

@Article{academic3,
author = {Shiu Kumar},
title = {UBIQUITOUS SMART HOME SYSTEM USING
ANDROID APPLICATION},
journal = {International Journal of Computer Networks and Communications},
year = {2014},
volume = {6}
}


@Misc{bacnet_zig,
OPTkey = {•},
author = {ASHRAE Standards Committee },
title = {ANSI/ASHRAE Addendum q to {ANSI/ASHRAE} Standard 135-2008},
OPThowpublished = {•},
OPTmonth = {•},
year = {2009},
OPTannote = {•}
}


@misc{ iea,
   author = "International Energy Agency",
   title = "Energy efficiency",
   year = "2015",
   url = "https://www.iea.org/aboutus/faqs/energyefficiency/",
   note = "[Online; accessed 7-1-2016]"
 }
 
 @TechReport{related:nest,
 author = {Nest Labs},
 title = {Energy Savings from the Nest Learning Thermostat:
Energy Bill Analysis Results},
 institution = {Nest},
 year = {2015},
 OPTkey = {•},
 OPTtype = {•},
 OPTnumber = {•},
 OPTaddress = {•},
 month = {February},
 OPTnote = {•},
 OPTannote = {•}
 }
 